<record><leader>00000cas a22000007a 4500</leader><controlfield tag="001">10452796</controlfield><controlfield tag="008">840224d19841989mnuwr ne      0   a0eng d</controlfield><datafield ind1=" " ind2=" " tag="010"><subfield code="a">sn 84009878 </subfield></datafield><datafield ind1=" " ind2=" " tag="040"><subfield code="a">NSD</subfield><subfield code="b">eng</subfield><subfield code="c">NSD</subfield><subfield code="d">MN#</subfield><subfield code="d">OCLCQ</subfield><subfield code="d">OCLCF</subfield><subfield code="d">OCLCO</subfield></datafield><datafield ind1=" " ind2=" " tag="012"><subfield code="m">1</subfield></datafield><datafield ind1="1" ind2=" " tag="022"><subfield code="a">0747-0002</subfield><subfield code="l">0747-0002</subfield><subfield code="2">1</subfield></datafield><datafield ind1="1" ind2=" " tag="029"><subfield code="a">AU@</subfield><subfield code="b">000020412042</subfield></datafield><datafield ind1=" " ind2=" " tag="032"><subfield code="a">825240</subfield><subfield code="b">USPS</subfield></datafield><datafield ind1=" " ind2=" " tag="042"><subfield code="a">nsdp</subfield></datafield><datafield ind1=" " ind2=" " tag="043"><subfield code="a">n-us-mn</subfield></datafield><datafield ind1=" " ind2=" " tag="052"><subfield code="a">4144</subfield><subfield code="b">N33</subfield><subfield code="b">G6</subfield><subfield code="b">M5</subfield></datafield><datafield ind1=" " ind2=" " tag="052"><subfield code="a">4143</subfield><subfield code="b">H4</subfield></datafield><datafield ind1=" " ind2="0" tag="222"><subfield code="a">New Hope-Golden Valley post</subfield></datafield><datafield ind1="0" ind2="0" tag="245"><subfield code="a">New Hope-Golden Valley post.</subfield></datafield><datafield ind1=" " ind2=" " tag="260"><subfield code="a">New Hope-Golden Valley, Minn. ;</subfield><subfield code="a">Minneapolis, Minn. :</subfield><subfield code="b">Post Pub. Co.,</subfield><subfield code="c">1984-1989.</subfield></datafield><datafield ind1=" " ind2=" " tag="300"><subfield code="a">5 v.</subfield></datafield><datafield ind1=" " ind2=" " tag="310"><subfield code="a">Weekly</subfield></datafield><datafield ind1="0" ind2=" " tag="362"><subfield code="a">Vol. 10, no. 16 (Feb. 16, 1984)-v. 14, no. 40 (Jan. 19, 1989).</subfield></datafield><datafield ind1=" " ind2=" " tag="530"><subfield code="a">Available on microfilm from the Minnesota Historical Society.</subfield></datafield><datafield ind1=" " ind2=" " tag="580"><subfield code="a">Formerly published as: Golden Valley post, and as part of: New Hope-Plymouth post.</subfield></datafield><datafield ind1=" " ind2="0" tag="651"><subfield code="a">New Hope (Minn.)</subfield><subfield code="v">Newspapers.</subfield></datafield><datafield ind1=" " ind2="0" tag="651"><subfield code="a">Golden Valley (Minn.)</subfield><subfield code="v">Newspapers.</subfield></datafield><datafield ind1=" " ind2="0" tag="651"><subfield code="a">Minneapolis (Minn.)</subfield><subfield code="v">Newspapers.</subfield></datafield><datafield ind1=" " ind2="7" tag="655"><subfield code="a">Newspapers.</subfield><subfield code="2">fast</subfield><subfield code="0">(OCoLC)fst01423814</subfield></datafield><datafield ind1=" " ind2="7" tag="651"><subfield code="a">Minnesota</subfield><subfield code="z">Golden Valley.</subfield><subfield code="2">fast</subfield><subfield code="0">(OCoLC)fst01214926</subfield></datafield><datafield ind1=" " ind2="7" tag="651"><subfield code="a">Minnesota</subfield><subfield code="z">Minneapolis.</subfield><subfield code="2">fast</subfield><subfield code="0">(OCoLC)fst01204260</subfield></datafield><datafield ind1=" " ind2="7" tag="651"><subfield code="a">Minnesota</subfield><subfield code="z">New Hope.</subfield><subfield code="2">fast</subfield><subfield code="0">(OCoLC)fst01227778</subfield></datafield><datafield ind1=" " ind2=" " tag="752"><subfield code="a">United States</subfield><subfield code="b">Minnesota</subfield><subfield code="c">Hennepin</subfield><subfield code="d">New Hope.</subfield></datafield><datafield ind1=" " ind2=" " tag="752"><subfield code="a">United States</subfield><subfield code="b">Minnesota</subfield><subfield code="c">Hennepin</subfield><subfield code="d">Golden Valley.</subfield></datafield><datafield ind1=" " ind2=" " tag="752"><subfield code="a">United States</subfield><subfield code="b">Minnesota</subfield><subfield code="c">Hennepin</subfield><subfield code="d">Minneapolis.</subfield></datafield><datafield ind1="1" ind2="0" tag="780"><subfield code="t">Golden Valley post</subfield></datafield><datafield ind1="1" ind2="0" tag="780"><subfield code="t">New Hope-Plymouth post</subfield><subfield code="w">(DLC)sn 90059784</subfield></datafield><datafield ind1="0" ind2="0" tag="785"><subfield code="t">New Hope Golden Valley postnews</subfield><subfield code="w">(DLC)sn 90059787</subfield></datafield><datafield ind1=" " ind2=" " tag="936"><subfield code="a">Feb. 16, 1984</subfield></datafield></record>